@article{nardi2022,
  title     = {Free-riding in Sequential Public Decision Making},
  author    = {Oliviero Nardi and Piotr Faliszewski and Martin Lackner},
  journal   = {Proceedings of the AAAI Conference on Artificial Intelligence},
  year      = {2022},
  volume    = {36},
  number    = {5},
  pages     = {5485--5492},
  doi       = {10.1609/aaai.v36i5.20337},
  url       = {https://doi.org/10.1609/aaai.v36i5.20337}
}
